@misc{CyberSurvey2020,
  doi = {10.5255/UKDA-SN-8638-1},
  url = {https://beta.ukdataservice.ac.uk/datacatalogue/doi/?id=8638#1},
  author = {Department For Digital,  Culture},
  title = {Cyber Security Breaches Survey,  2020},
  publisher = {UK Data Service},
  year = {2020}
}

 @misc{AppliedMissingDataAnalysis, title={Book_MI.Knit}, url={https://bookdown.org/mwheymans/bookmi/}, journal={Home}, year={2022}, month={Sep}} 
 
 @inbook{rubin_1975, place={Princeton, NJ}, title={Biometrika 63 (3): 581â€“90}, booktitle={Inference and missing data}, publisher={Verlag nicht ermittelbar}, author={Rubin, Donald B.}, year={1975}} 

