






@article{doi:10.1080/03610926.2014.950750,
author = {V. Srinivas and B. K. Kale},
title = {ML and UMVU estimation in the M/D/1 queuing system},
journal = {Communications in Statistics - Theory and Methods},
volume = {45},
number = {19},
pages = {5826-5834},
year  = {2016},
publisher = {Taylor & Francis},
doi = {10.1080/03610926.2014.950750},

URL = { 
    
        https://doi.org/10.1080/03610926.2014.950750
    
    

},
eprint = { 
    
        https://doi.org/10.1080/03610926.2014.950750
    
    

}

}


