@techreport{https://doi.org/10.17895/ices.advice.21487635,
  doi = {10.17895/ICES.ADVICE.21487635},
  url = {https://ices-library.figshare.com/articles/report/Icelandic_Waters_ecoregion_Fisheries_overview/21487635},
  author = {ICES,  },
  keywords = {Fisheries and aquaculture,  Icelandic Waters (ICES Ecoregion)},
  title = {Icelandic Waters ecoregion â€“ Fisheries overview},
  publisher = {ICES Advice: Fisheries Overviews},
  year = {2022},
  copyright = {Creative Commons Attribution 4.0 International}
}
 
 
 